@misc{hale2014,
  author="Dave Hale",
  title="Seismic image processing for geologic faults",
  url="https://github.com/dhale/ipf",
  year="2014"
}

@inproceedings{mnih2010learning,
  title={Learning to detect roads in high-resolution aerial images},
  author={Mnih, Volodymyr and Hinton, Geoffrey E},
  booktitle={European Conference on Computer Vision},
  pages={210--223},
  year={2010},
  organization={Springer}
}

@article{pochet2018seismic,
  title={Seismic Fault Detection Using Convolutional Neural Networks Trained on Synthetic Poststacked Amplitude Maps},
  author={Pochet, Axelle and Diniz, Pedro HB and Lopes, H{\'e}lio and Gattass, Marcelo},
  journal={IEEE Geoscience and Remote Sensing Letters},
  year={2018},
  publisher={IEEE}
}

@article{araya2017automated,
  title={Automated fault detection without seismic processing},
  author={Araya-Polo, Mauricio and Dahlke, Taylor and Frogner, Charlie and Zhang, Chiyuan and Poggio, Tomaso and Hohl, Detlef},
  journal={The Leading Edge},
  volume={36},
  number={3},
  pages={208--214},
  year={2017},
  publisher={Society of Exploration Geophysicists}
}

@article{xiong2018seismic,
  title={Seismic fault detection with convolutional neural network},
  author={Xiong, Wei and Ji, Xu and Ma, Yue and Wang, Yuxiang and AlBinHassan, Nasher M and Ali, Mustafa N and Luo, Yi},
  journal={Geophysics},
  volume={83},
  number={5},
  pages={O97--O103},
  year={2018},
  publisher={Society of Exploration Geophysicists}
}

@article{chehrazi2013seismic,
  title={Seismic data conditioning and neural network-based attribute selection for enhanced fault detection},
  author={Chehrazi, A and Rahimpour-Bonab, H and Rezaee, MR},
  journal={Petroleum Geoscience},
  volume={19},
  number={2},
  pages={169--183},
  year={2013}
}

@article{lu2018using,
  title={Using generative adversarial networks to improve deep-learning fault interpretation networks},
  author={Lu, Ping and Morris, Matt and Brazell, Seth and Comiskey, Cody and Xiao, Yuan},
  journal={The Leading Edge},
  volume={37},
  number={8},
  pages={578--583},
  year={2018},
  publisher={Society of Exploration Geophysicists Tulsa, Oklahoma}
}




